<?xml version="1.0" encoding="UTF-8"?><collection xmlns="http://www.loc.gov/MARC21/slim"><record><leader>00342nam--2200133-i-4500</leader><controlfield tag="001">000012314</controlfield><controlfield tag="002">20161230</controlfield><controlfield tag="005">20161230201029</controlfield><controlfield tag="008">060222s1000------------r-----000-0-eng-d</controlfield><datafield ind1=" " ind2=" " tag="080"><subfield code="a">621.375.826</subfield></datafield><datafield ind1=" " ind2=" " tag="100"><subfield code="a">Anderson, John D</subfield></datafield><datafield ind1=" " ind2=" " tag="245"><subfield code="a">Gasdynamic lasers: an introduction</subfield></datafield><datafield ind1=" " ind2=" " tag="260"><subfield code="a">New York, Academic Press, 1976 Xii + 180 P</subfield></datafield><datafield ind1=" " ind2=" " tag="852"><subfield code="a">44757</subfield></datafield></record></collection>